% Encoding: UTF-8

@article{unet,
    author  = "Olaf Ronneberger and Philipp Fischer and Thomas Brox",
    journal = "Medical Image Computing and Computer-Assisted Intervention (MICCAI)",
    publisher = "Springer",
    volume = "9351",
    pages = "234-241",
    title   = "\textbf{U-Net: Convolutional Networks for Biomedical Image Segmentation}",
    year    = "2015"
}

@article{dropout,
  author  = "Nitish Srivastava and Geoffrey Hinton and Alex Krizhevsky and Ilya Sutskever and Ruslan Salakhutdinov",
  title   = "\textbf{Dropout: A Simple Way to Prevent Neural Networks from Overfitting}",
  journal = "Journal of Machine Learning Research",
  year    = "2014",
  volume  = "15",
  pages   = "1929-1958",
  url     = "\url{http://jmlr.org/papers/v15/srivastava14a.html}"
}


@inproceedings{localmem_vs_cache,
	author = "C. Li et. al",
	title = "\textbf{Understanding the Tradeoffs between Software- Managed vs. Hardware-Managed Caches in GPUs}",	
	booktitle = "2014 IEEE International Symposium on Performance Analysis of Systems and Software (ISPASS)",
	year = "2014"
} 
@article{performance,
  author  = "H. Su and N. Wu and M. Wen and C. Zhang and X. Cai",
  title   = "\textbf{On the GPU-CPU Performance Portability of OpenCL for 3D Stencil Computations}",
  journal = "2013 International Conference on Parallel and Distributed Systems",
  year    = "2013"
}

@misc{separation,
  author  = "S. W. Smith",
  year    = "1997",
  title   = "\textbf{The Scientist and Engineer's Guide to Digital Signal Processing}",
  note = "(\url{http://dspguide.com/ch24/3.htm}, accessed on October 13th 2016)",
}

@Comment{jabref-meta: databaseType:bibtex;}
